%% This BibTeX bibliography file was created using BibDesk.
%% https://bibdesk.sourceforge.io/

%% Created for Daksh Gupta at 2021-04-16 22:43:47 +0530 


%% Saved with string encoding Unicode (UTF-8) 



@article{ref:eight,
	author = {Reihaneh Torkzadeh Mahani, Negin Mahani},
	date-added = {2021-04-16 22:42:24 +0530},
	date-modified = {2021-04-16 22:43:42 +0530},
	journal = {World appl. programming},
	number = {6},
	pages = {105-108},
	title = {VxWorks vs. LynxOS Real-Time Operating Systems for Embedded Systems},
	volume = {5},
	year = {June, 2015}}
