%% This BibTeX bibliography file was created using BibDesk.
%% https://bibdesk.sourceforge.io/

%% Created for Daksh Gupta at 2021-04-16 17:42:17 +0530 


%% Saved with string encoding Unicode (UTF-8) 



@article{ref:memory,
	author = {Lynx Technologies},
	date-added = {2021-04-16 16:42:49 +0530},
	date-modified = {2021-04-16 17:42:17 +0530},
	journal = {https://www.lynx.com/products/lynxos-178-do-178c-certified-posix-rtos},
	pages = {1-10},
	title = {Lynx OS RTOS},
	volume = {1},
	year = {2017}}
