%% This BibTeX bibliography file was created using BibDesk.
%% https://bibdesk.sourceforge.io/

%% Created for Daksh Gupta at 2021-04-12 05:54:14 +0530 


%% Saved with string encoding Unicode (UTF-8) 



@article{ref:arch,
	author = {Bjorn Dobel},
	date-added = {2021-04-12 05:51:01 +0530},
	date-modified = {2021-04-12 05:54:03 +0530},
	journal = {Technical University of Dresden},
	title = {Microkernel-based Operating Systems -- Introduction},
	year = {2008}}
