%% This BibTeX bibliography file was created using BibDesk.
%% https://bibdesk.sourceforge.io/

%% Created for Daksh Gupta at 2021-04-16 22:50:47 +0530 


%% Saved with string encoding Unicode (UTF-8) 



@article{ref:nine,
	author = {Kevin M. Obenland},
	date-added = {2021-04-16 22:47:43 +0530},
	date-modified = {2021-04-16 22:50:32 +0530},
	journal = {The MITRE Corporation},
	pages = {3-8},
	title = {The Use of POSIX in Real-time Systems, Assessing its Effectiveness and Performance},
	year = {2017}}
