%% This BibTeX bibliography file was created using BibDesk.
%% https://bibdesk.sourceforge.io/

%% Created for Daksh Gupta at 2021-04-12 04:02:59 +0530 


%% Saved with string encoding Unicode (UTF-8) 



@article{ref:embed,
	author = {Tennenhouse, D.},
	date-added = {2021-04-12 04:00:32 +0530},
	date-modified = {2021-04-12 04:02:11 +0530},
	journal = { Communications of the ACM},
	number = {43(5)},
	pages = {43-50},
	title = {Proactive computing.},
	year = {2000}}
