%% This BibTeX bibliography file was created using BibDesk.
%% https://bibdesk.sourceforge.io/

%% Created for Daksh Gupta at 2021-04-12 04:32:49 +0530 


%% Saved with string encoding Unicode (UTF-8) 



@article{ref:embedcat,
	author = {Koopman, P. },
	date-added = {2021-04-12 04:31:15 +0530},
	date-modified = {2021-04-12 04:32:33 +0530},
	journal = {Course Slides, Carnegie Mellon University},
	title = {Embedded systems in the real world},
	year = {1999}}
