%% This BibTeX bibliography file was created using BibDesk.
%% https://bibdesk.sourceforge.io/

%% Created for Daksh Gupta at 2021-04-16 22:39:50 +0530 


%% Saved with string encoding Unicode (UTF-8) 



@article{ref:seven,
	author = {Stephen J. Franz},
	date-added = {2021-04-16 22:38:38 +0530},
	date-modified = {2021-04-16 22:39:25 +0530},
	journal = {CS-550 Section 1},
	pages = {1-10},
	title = {LynxOS Lynx OS RTOS (Real-Time Operating System)},
	volume = {1},
	year = {Fall,2005}}
