%% This BibTeX bibliography file was created using BibDesk.
%% https://bibdesk.sourceforge.io/

%% Created for Daksh Gupta at 2021-04-16 22:35:14 +0530 


%% Saved with string encoding Unicode (UTF-8) 



@article{ref:six,
	author = {Lucas Garcia},
	date-added = {2021-04-16 22:31:14 +0530},
	date-modified = {2021-04-16 22:35:08 +0530},
	journal = {Presentation Project for Course COP 4610},
	pages = {3-22},
	title = {Real-Time Operating Systems Case Study ~ LynxOS vs. VxWorks },
	volume = {1},
	year = {2017}}
