%% This BibTeX bibliography file was created using BibDesk.
%% https://bibdesk.sourceforge.io/

%% Created for Daksh Gupta at 2021-04-16 22:59:05 +0530 


%% Saved with string encoding Unicode (UTF-8) 



@article{ref:ten,
	author = {dbms-notes},
	date-added = {2021-04-16 22:57:32 +0530},
	date-modified = {2021-04-16 22:59:01 +0530},
	journal = {http://www.dbms-notes.com/2010/10/network-file-system-nfs.html},
	pages = {1-2},
	title = {NFS-Concepts},
	year = {2010}}
