%% This BibTeX bibliography file was created using BibDesk.
%% https://bibdesk.sourceforge.io/

%% Created for Daksh Gupta at 2021-04-12 05:17:28 +0530 


%% Saved with string encoding Unicode (UTF-8) 



@article{ref:per,
	author = {Maechtel,M. Rzehak, H.},
	date-added = {2021-04-12 05:13:53 +0530},
	date-modified = {2021-04-12 05:17:28 +0530},
	journal = {Annual Review in Automatic Programming},
	pages = {139-144},
	title = {On realtime operating systems: How to compare performance?.},
	volume = {18},
	year = {1994}}
