%% This BibTeX bibliography file was created using BibDesk.
%% https://bibdesk.sourceforge.io/

%% Created for Daksh Gupta at 2021-04-16 23:15:09 +0530 


%% Saved with string encoding Unicode (UTF-8) 



@article{ref:twelve,
	author = {Oracle},
	date-added = {2021-04-16 23:13:51 +0530},
	date-modified = {2021-04-16 23:15:04 +0530},
	journal = {https://docs.oracle.com/cd/E19455-01/806-4750/6jdqdfltg/index.html},
	pages = {806-4750},
	title = {System V IPC},
	year = {2007}}
